@book{levitt2000turk,
  title={The Turk, Chess Automation},
  author={Levitt, Gerald M},
  year={2000},
  publisher={McFarland \& Company, Incorporated Publishers}
}

@inproceedings{selman1992new,
  title={A New Method for Solving Hard Satisfiability Problems.},
  author={Selman, Bart and Levesque, Hector J and Mitchell, David G and others},
  booktitle={AAAI},
  volume={92},
  pages={440--446},
  year={1992}
}

@article{russell2005ai,
  title={AI a modern approach},
  author={Russell, Stuart and Norvig, Peter},
  journal={Learning},
  volume={2},
  number={3},
  pages={4},
  year={2005}
}
